

@mastersthesis{thesiscuni,
    author          = {Aggarwal, Akshay}, 
    title           = {Consistency of {L}inguistic {A}nnotation},
    school          = {Univerzita Karlova, Matematicko-fyzik{\'a}ln√≠ fakulta, {\'U}stav form{\'a}ln{\'i} a aplikovan{\'e} lingvistiky},
    year            = 2020,
    address         = {Prague},
    month           = 9,
    note            = {Thesis Supervisor Zeman, Daniel.}
}


@article{socialmedia,
    author          = {Aggarwal, Akshay},
    title           = {Enhancing {S}ocial {M}edia {E}xperience by {U}sage of     
                    {U}ser-{D}efined {N}icknames as {A}dditional {I}dentifiers 
                    for {O}nline {I}nteraction},
    journal         = {Journal of Computer Sciences and Applications},
    volume          = {4},
    number          = {1},
    pages           = {1--8},
    year            = {2016},
    url             = {http://pubs.sciepub.com/jcsa/4/1/1},
    issn            = {2328-725X},
    doi             = {10.12691/jcsa-4-1-1},
    publisher       = {Science and Education Publishing}
}

@article{remote,
    title           = {Remote {U}pdate of {D}atabase through {M}obile {D}evice},
    author          = {Aggarwal, Akshay and Kharia, Shantanu and Mediratta,     
                        Deepshi},
    journal         = {IJSTE- International Journal of Science Technology and 
                        Engineering},
    volume          = {2},
    number          = {3},
    year            = {2015},
    publisher       = {IJSTE}
}

@article{datamonitor,
    title={Data {U}sage {M}onitor for a {S}hared {W}ireless {N}etwork {C}onnection},
    author={Aggarwal, Akshay and Kharia, Shantanu},
    journal={IOSR Journal of Computer Engineering (IOSR-JCE)},
    volume={17},
    number={2},
    pages={50--57},
    year={2015},
    publisher={International Organization of Scientific Research}
}